<?xml version="1.0" encoding="UTF-8"?><collection xmlns="http://www.loc.gov/MARC21/slim"><record><leader>00524nam--2200181-i-4500</leader><controlfield tag="001">000042004</controlfield><controlfield tag="002">20161230</controlfield><controlfield tag="005">20161230201043</controlfield><controlfield tag="008">060222s1000------------r-----000-0-eng-d</controlfield><datafield ind1=" " ind2=" " tag="040"><subfield code="a">IFIN-HH</subfield></datafield><datafield ind1=" " ind2=" " tag="080"><subfield code="a">535</subfield></datafield><datafield ind1="1" ind2=" " tag="100"><subfield code="a">Smith,Warren J</subfield></datafield><datafield ind1="1" ind2="0" tag="245"><subfield code="a">Modern optical engineering</subfield><subfield code="b">The design of optical systems</subfield><subfield code="c">Warren j. smith</subfield></datafield><datafield ind1=" " ind2=" " tag="260"><subfield code="a">SYDNEY</subfield><subfield code="b">Mcgraw-hill Book Company</subfield><subfield code="c">1966</subfield></datafield><datafield ind1=" " ind2=" " tag="300"><subfield code="a">XII + 476 P</subfield></datafield><datafield ind1=" " ind2="0" tag="650"><subfield code="a">Optical Instruments</subfield><subfield code="x">Design And Construction</subfield></datafield><datafield ind1=" " ind2=" " tag="852"><subfield code="a">25694</subfield><subfield code="c">535</subfield></datafield><datafield ind1=" " ind2=" " tag="CAT"><subfield code="a">Sys</subfield><subfield code="c">20101025</subfield><subfield code="h">130809</subfield></datafield></record></collection>